@book{bolzano2014paradoxes,
  title={Paradoxes of the Infinite (Routledge Revivals)},
  author={Bolzano, Bernard},
  year={2014},
  publisher={Routledge}
}
